<?xml version="1.0" encoding="UTF-8"?><collection xmlns="http://www.loc.gov/MARC21/slim"><record><leader>00526nam--2200205-u-4500</leader><controlfield tag="001">000052840</controlfield><controlfield tag="002">20161230</controlfield><controlfield tag="005">20161230201050</controlfield><controlfield tag="008">101123s1000------------r-----000-0-rus-d</controlfield><datafield ind1=" " ind2=" " tag="040"><subfield code="a">IFIN-HH</subfield></datafield><datafield ind1=" " ind2=" " tag="041"><subfield code="a">rus</subfield></datafield><datafield ind1=" " ind2=" " tag="080"><subfield code="a">535(076.1)</subfield></datafield><datafield ind1="1" ind2=" " tag="100"><subfield code="a">Rousseau, M</subfield></datafield><datafield ind1="1" ind2="0" tag="245"><subfield code="a">Zadaci po optike</subfield><subfield code="c">M. rousseau; g.p. mathieu</subfield></datafield><datafield ind1=" " ind2=" " tag="260"><subfield code="a">Moskva</subfield><subfield code="b">Mir</subfield><subfield code="c">1976</subfield></datafield><datafield ind1=" " ind2=" " tag="300"><subfield code="a">414P</subfield></datafield><datafield ind1=" " ind2=" " tag="500"><subfield code="a">Titlul original in limba engleza: PROBLEMS IN OPTICS</subfield></datafield><datafield ind1="1" ind2=" " tag="700"><subfield code="a">Mathieu, G.P</subfield></datafield><datafield ind1=" " ind2=" " tag="852"><subfield code="a">46066</subfield><subfield code="c">535</subfield></datafield><datafield ind1=" " ind2=" " tag="CAT"><subfield code="a">Sys</subfield><subfield code="c">20101123</subfield><subfield code="h">104744</subfield></datafield></record></collection>